
@article{1996How,
  title={How to make spreadsheets error-proof},
  author={ D. Freeman },
  journal={Journal of Accountancy},
  volume={181},
  number={5},
  year={1996},
}

@article{2005What,
  title={What We Know About Spreadsheet Errors},
  author={ Panko, Raymond R. },
  journal={Journal of Organizational and End User Computing},
  volume={10},
  number={2},
  year={2005},
}

@article{ziemann2016gene,
  title={Gene name errors are widespread in the scientific literature},
  author={Ziemann, Mark and Eren, Yotam and El-Osta, Assam},
  journal={Genome biology},
  volume={17},
  number={1},
  pages={1--3},
  year={2016},
  publisher={BioMed Central}
}

@Misc{2005eusprig,
  howpublished = {\url{http://www.eusprig.org/horror-stories.htm}},
  note = {2005},
  title = {European Spreadsheet Risks Interest Group - spreadsheet risk management and solutions conference},
  author = {EuSpRIG}
}

@article{Chu2014Discovering,
  title={Discovering denial constraints},
  author={Chu, Xu and Ilyas, Ihab F. and Papotti, Paolo},
  journal={Proceedings of the Vldb Endowment},
  volume={6},
  number={13},
  pages={1498-1509},
  year={2014},
}

@inproceedings{Bohannon2005A,
  title={A Cost-Based Model and Effective Heuristic for Repairing Constraints by Value Modification},
  author={Bohannon, Philip and Flaster, Michael and Fan, Wenfei and Rastogi, Rajeev},
  booktitle={Proceedings of the ACM SIGMOD International Conference on Management of Data, Baltimore, Maryland, USA, June 14-16, 2005},
  year={2005},
}

@article{Tibbetts,
  title={\$ 3 Trillion Problem: Three Best Practices for Today’s Dirty Data Pandemic},
  author={Tibbetts H.},
  journal={SOA World Magazine},
  year={2011},
}

@article{Cafarella2008WebTables,
  title={WebTables: Exploring the power of tables on the web},
  author={Cafarella, Michael J. and Halevy, Alon Y. and Wang, Daisy Zhe and Wu, Eugene and Yang, Zhang},
  journal={Proceedings of the Vldb Endowment},
  volume={1},
  number={1},
  pages={538-549},
  year={2008},
}

@inproceedings{Chu2013Holistic,
  title={Holistic data cleaning: Putting violations into context},
  author={Chu, Xu and Ilyas, I. F. and Papotti, P.},
  booktitle={Data Engineering (ICDE), 2013 IEEE 29th International Conference on},
  year={2013},
}

@inproceedings{hao2017cleaning,
  title={Cleaning relations using knowledge bases},
  author={Hao, Shuang and Tang, Nan and Li, Guoliang and Li, Jian},
  booktitle={2017 IEEE 33rd International Conference on Data Engineering (ICDE)},
  pages={933--944},
  year={2017},
  organization={IEEE}
}

@article{Hao2018Distilling,
  title={Distilling relations using knowledge bases},
  author={Hao, Shuang and Tang, Nan and Li, Guoliang and Li, Jian and Feng, Jianhua},
  journal={Vldb Journal},
  year={2018},
}

@article{Rekatsinas2017HoloClean,
  title={HoloClean: Holistic Data Repairs with Probabilistic Inference},
  author={Rekatsinas, Theodoros and Chu, Xu and Ilyas, Ihab F. and Ré, Christopher},
  journal={Proceedings of the Vldb Endowment},
  volume={10},
  number={11},
  year={2017},
}

@article{Yakout2011Guided,
  title={Guided Data Repair},
  author={Yakout, Mohamed and Elmagarmid, Ahmed K. and Neville, Jennifer and Ouzzani, Mourad and Ilyas, Ihab F.},
  journal={Proceedings of the Vldb Endowment},
  volume={4},
  number={5},
  pages={1223-1226},
  year={2011},
}

@article{Fan2008Conditional,
  title={Conditional functional dependencies for capturing data inconsistencies},
  author={Fan, Wenfei and Geerts, Floris and Jia, Xibei and Kementsietsidis, Anastasios},
  journal={Acm Transactions on Database Systems},
  volume={33},
  number={2},
  pages={p.1-48},
  year={2008},
}

@inproceedings{Bohannon2007Conditional,
  title={Conditional Functional Dependencies for Data Cleaning},
  author={Bohannon, Philip and Fan, Wenfei and Geerts, Floris and Jia, Xibei and Kementsietsidis, Anastasios},
  booktitle={2007 IEEE 23rd International Conference on Data Engineering},
  year={2007},
}

@inproceedings{Fan2009Discovering,
  title={Discovering Conditional Functional Dependencies},
  author={Fan, Wenfei and Geerts, Floris and Lakshmanan, Laks V. S. and Ming, Xiong},
  booktitle={IEEE International Conference on Data Engineering},
  year={2009},
}

@inproceedings{Geerts2013The,
  title={The LLUNATIC data-cleaning framework},
  author={Geerts, Floris and Mecca, Giansalvatore and Papotti, Paolo and Santoro, Donatello},
  booktitle={Vldb},
  year={2013},
}

@inproceedings{Wang2014Towards,
  title={Towards dependable data repairing with fixing rules},
  author={Wang, Jiannan and Nan, Tang},
  booktitle={Acm Sigmod International Conference on Management of Data},
  year={2014},
}

@inproceedings{INTERLANDI2015,
  title={Proof positive and negative in data cleaning},
  author={INTERLANDI M, TANG N},
  booktitle={IEEE 31st International Conference on Data Engineering. Seoul, Republic of Korea},
  pages={18-29},
  year={2015},
}

@inproceedings{Bilenko2003Adaptive,
  title={Adaptive duplicate detection using learnable string similarity measures},
  author={Bilenko, M.},
  booktitle={Proceedings of the 9th ACM International Conference on Knowledge Discovery and Data Mining, 2003},
  year={2003},
}

@article{Heidari2019HoloDetect,
  title={HoloDetect: Few-Shot Learning for Error Detection},
  author={Heidari∗, Alireza and Mcgrath†, Joshua and Ilyas∗, Ihab F. and Rekatsinas†, Theodoros},
  year={2019},
}

@inproceedings{Huang2018Auto,
  title={Auto-Detect: Data-Driven Error Detection in Tables},
  author={Huang, Zhipeng and He, Yeye},
  booktitle={the 2018 International Conference},
  year={2018},
}

@inproceedings{wang2019uni,
  title={Uni-detect: A unified approach to automated error detection in tables},
  author={Wang, Pei and He, Yeye},
  booktitle={Proceedings of the 2019 International Conference on Management of Data},
  pages={811--828},
  year={2019}
}

@inproceedings{he2016interactive,
  title={Interactive and deterministic data cleaning},
  author={He, Jian and Veltri, Enzo and Santoro, Donatello and Li, Guoliang and Mecca, Giansalvatore and Papotti, Paolo and Tang, Nan},
  booktitle={Proceedings of the 2016 International Conference on Management of Data},
  pages={893--907},
  year={2016}
}

@article{1986Learning,
  title={Learning Internal Representations by Error Propagation, Parallel Distributed Processing},
  author={ Rumelhart, D. E },
  journal={explorations in the microstructure of cognition},
  year={1986},
}

@inproceedings{Ballard1987Modular,
  title={Modular Learning in Neural Networks},
  author={Ballard, Dana H.},
  booktitle={National Conference on Artificial Intelligence},
  year={1987},
}

@article{Yuan2018Deep,
  title={Deep Learning-Based Feature Representation and Its Application for Soft Sensor Modeling With Variable-Wise Weighted SAE},
  author={Yuan, Xiaofeng and Huang, Biao and Wang, Yalin and Yang, Chunhua and Gui, Weihua},
  journal={IEEE Transactions on Industrial Informatics},
  volume={PP},
  number={99},
  pages={1-1},
  year={2018},
}

@article{Vincent2010Stacked,
  title={Stacked Denoising Autoencoders: Learning Useful Representations in a Deep Network with a Local Denoising Criterion},
  author={Vincent, Pascal and Larochelle, Hugo and Lajoie, Isabelle and Bengio, Yoshua and Manzagol, Pierre Antoine},
  journal={Journal of Machine Learning Research},
  volume={11},
  number={12},
  pages={3371-3408},
  year={2010},
}

@article{Gattani2013Entity,
  title={Entity extraction, linking, classification, and tagging for social media},
  author={Gattani, Abhishek and Doan, An Hai and Lamba, Digvijay S. and Garera, Nikesh and Tiwari, Mitul and Chai, Xiaoyong and Das, Sanjib and Subramaniam, Sri and Rajaraman, Anand and Harinarayan, Venky},
  journal={Proceedings of the Vldb Endowment},
  volume={6},
  number={11},
  pages={1126-1137},
  year={2013},
}

@article{Bunescu2006Using,
  title={Using Encyclopedic Knowledge for Named Entity Disambiguation},
  author={Bunescu, Razvan and Paşca, Marius},
  year={2006},
}

@inproceedings{Zheng2017Learning,
  title={Learning to link entities with knowledge base},
  author={Zheng, Zhicheng and Li, Fangtao and Huang, Minlie and Zhu, Xiaoyan},
  booktitle={Human Language Technologies: The 2010 Annual Conference of the North American Chapter of the Association for Computational Linguistics},
  pages={483--491},
  year={2010}
}

@inproceedings{Lehmann2017Learning,
  title={LCC Approaches to Knowledge Base Population at TAC 2010.},
  author={Lehmann, John and Monahan, Sean and Nezda, Luke and Jung, Arnold and Shi, Ying},
  booktitle={TAC},
  year={2010}
}

@inproceedings{Han2009Nlpr,
  title={Nlpr\_kbp in TAC 2009 KBP track: A two-stage method to entity linking},
  author={Han X, Zhao J},
  booktitle={Proceedings of the Second Text Analysis Conference, TAC 2009, Gaithersburg, Maryland, USA, November 16-17, 2009},
  year={2009},
}

@inproceedings{Monahan2011Cross,
  title={Cross-Lingual Cross-Document Coreference with Entity Linking.},
  author={Monahan, Sean and Lehmann, John and Nyberg, Timothy and Plymale, Jesse and Jung, Arnold},
  booktitle={TAC},
  year={2011}
}

@article{Deng2019Table2Vec,
  title={Table2Vec: Neural Word and Entity Embeddings for Table Population and Retrieval},
  author={Deng, Li and Zhang, Shuo and Balog, Krisztian},
  year={2019},
}

@article{deng2020turl,
  title={Turl: Table understanding through representation learning},
  author={Deng, Xiang and Sun, Huan and Lees, Alyssa and Wu, You and Yu, Cong},
  journal={arXiv preprint arXiv:2006.14806},
  year={2020}
}

@inproceedings{luo2018cross,
  title={Cross-lingual entity linking for web tables},
  author={Luo, Xusheng and Luo, Kangqi and Chen, Xianyang and Zhu, Kenny},
  booktitle={Proceedings of the AAAI Conference on Artificial Intelligence},
  volume={32},
  number={1},
  year={2018}
}

@inproceedings{Efthymiou2017Matching,
  title={Matching Web Tables with Knowledge Base Entities: From Entity Lookups to Entity Embeddings},
  author={Efthymiou, Vasilis and Hassanzadeh, Oktie and Rodriguez-Muro, Mariano and Christophides, Vassilis},
  booktitle={ISWC},
  year={2017},
}

@article{chen2020table,
  title={Table Search Using a Deep Contextualized Language Model},
  author={Chen, Zhiyu and Trabelsi, Mohamed and Heflin, Jeff and Xu, Yinan and Davison, Brian D},
  journal={arXiv preprint arXiv:2005.09207},
  year={2020}
}

@article{yin2020tabert,
  title={TaBERT: Pretraining for Joint Understanding of Textual and Tabular Data},
  author={Yin, Pengcheng and Neubig, Graham and Yih, Wen-tau and Riedel, Sebastian},
  journal={arXiv preprint arXiv:2005.08314},
  year={2020}
}

@inproceedings{shraga2020web,
  title={Web Table Retrieval using Multimodal Deep Learning},
  author={Shraga, Roee and Roitman, Haggai and Feigenblat, Guy and Cannim, Mustafa},
  booktitle={Proceedings of the 43rd International ACM SIGIR Conference on Research and Development in Information Retrieval},
  pages={1399--1408},
  year={2020}
}

@inproceedings{Ahmadov2015Towards,
  title={Towards a Hybrid Imputation Approach Using Web Tables},
  author={Ahmadov, Ahmad and Thiele, Maik and Eberius, Julian and Lehner, Wolfgang and Wrembel, Robert},
  booktitle={2015 IEEE/ACM 2nd International Symposium on Big Data Computing (BDC)},
  year={2015},
}

@inproceedings{Zhang2017EntiTables,
  title={EntiTables: Smart Assistance for Entity-Focused Tables},
  author={Zhang, Shuo and Balog, Krisztian},
  booktitle={International Acm Sigir Conference on Research \& Development in Information Retrieval},
  year={2017},
}

@inproceedings{zhang2019auto,
  title={Auto-completion for data cells in relational tables},
  author={Zhang, Shuo and Balog, Krisztian},
  booktitle={Proceedings of the 28th ACM International Conference on Information and Knowledge Management},
  pages={761--770},
  year={2019}
}

@inproceedings{Chen2019Learning,
  title={Learning Semantic Annotations for Tabular Data},
  author={Chen, Jiaoyan and Jimenez-Ruiz, Ernesto and Horrocks, Ian and Sutton, Charles},
  booktitle={Twenty-Eighth International Joint Conference on Artificial Intelligence IJCAI-19},
  year={2019},
}

@article{Chen2019ColNet,
  title={ColNet: Embedding the Semantics of Web Tables for Column Type Prediction},
  author={Chen, Jiaoyan and Jiménez-Ruiz, Ernesto and Horrocks, Ian and Sutton, Charles},
  journal={Proceedings of the Aaai Conference on Artificial Intelligence},
  volume={33},
  pages={29-36},
  year={2019},
}

@article{yao2019kg,
  title={KG-BERT: BERT for knowledge graph completion},
  author={Yao, Liang and Mao, Chengsheng and Luo, Yuan},
  journal={arXiv preprint arXiv:1909.03193},
  year={2019}
}

@article{Liu2020K,
  title={K-BERT: Enabling Language Representation with Knowledge Graph},
  author={Liu, Weijie and Zhou, Peng and Zhao, Zhe and Wang, Zhiruo and Wang, Ping},
  journal={Proceedings of the Aaai Conference on Artificial Intelligence},
  volume={34},
  number={3},
  pages={2901-2908},
  year={2020},
}

@article{zhang2019ernie,
  title={ERNIE: Enhanced language representation with informative entities},
  author={Zhang, Zhengyan and Han, Xu and Liu, Zhiyuan and Jiang, Xin and Sun, Maosong and Liu, Qun},
  journal={arXiv preprint arXiv:1905.07129},
  year={2019}
}

@article{bougiatiotis2020guiding,
  title={Guiding Graph Embeddings using Path-Ranking Methods for Error Detection innoisy Knowledge Graphs},
  author={Bougiatiotis, K and Fasoulis, R and Aisopos, F and Nentidis, A and Paliouras, G},
  journal={arXiv e-prints},
  pages={arXiv--2002},
  year={2020}
}

@article{ge2020kgclean,
  title={KGClean: An Embedding Powered Knowledge Graph Cleaning Framework},
  author={Ge, Congcong and Gao, Yunjun and Weng, Honghui and Zhang, Chong and Miao, Xiaoye and Zheng, Baihua},
  journal={arXiv preprint arXiv:2004.14478},
  year={2020}
}

@book{Xin2014Knowledge,
  title={Knowledge vault: A web-scale approach to probabilistic knowledge fusion},
  author={Xin, Dong and Gabrilovich, Evgeniy and Heitz, Geremy and Horn, Wilko and Wei, Zhang},
  publisher={ACM},
  year={2014},
}












